@misc{machinel96:online,
author = {},
title = {machine learning - With regards to VC-dimension, why can you shatter 3 points with circles but not 4 points? - Data Science Stack Exchange},
howpublished = {\url{https://datascience.stackexchange.com/questions/21693/with-regards-to-vc-dimension-why-can-you-shatter-3-points-with-circles-but-not}},
month = {},
year = {},
note = {(Accessed on 27/04/2021)}
}

@misc{PowerPoi66:online,
author = {},
title = {Lecture 4 - PAC},
howpublished = {\url{https://www.cs.ubc.ca/~murphyk/Teaching/CS340-Fall06/lectures/L4pac.pdf}},
month = {},
year = {},
note = {(Accessed on 27/04/2021)}
}
