// @misc{remove_first_outliers:online,
// author = {},
// title = {6.3. Preprocessing data â€” scikit-learn 0.24.2 documentation - outliers},
// howpublished = {\url{https://scikit-learn.org/stable/modules/preprocessing.html}},
// month = {},
// year = {},
// note = {(Accessed on 27/05/2021)}
// }

@article{original_paper_reg:paper,
    author =       "Kam Hamidieh",
    title =        "A data-driven statistical model for predicting the critical temperature of a superconductor",
    journal =      "Elsevier Computational Materials Science",
    year =         "2018",
    DOI =          "https://doi.org/10.1016/j.commatsci.2018.07.052"
}
